@Article{mustermann+etal-11, 
title=		{Beispiele in der Anwendung}, 
volume=		{61}, 
number=		{2}, 
journal=	{Beispiele und Muster},
author=		{Mustermann, Max and Musterfrau, Monika}, 
year=		{2011}, 
pages=		{306--320}
}
@book{RandAlg,
  added-at = {2002-01-03T00:00:00.000+0100},
  author = {Motwani, Rajeev and Raghavan, Prabhakar},
  biburl = {http://www.bibsonomy.org/bibtex/29f573b16b34ea2fac8a1f3944ba1bfd1/dblp},
  date = {2002-01-03},
  description = {dblp},
  interhash = {2afda1a92c9624462acd34e4ca58535b},
  intrahash = {9f573b16b34ea2fac8a1f3944ba1bfd1},
  isbn = {0-521-47465-5},
  keywords = {dblp},
  publisher = {Cambridge University Press},
  timestamp = {2002-01-03T00:00:00.000+0100},
  title = {Randomized Algorithms.},
  year = 1995
}
